<collection xmlns="http://www.loc.gov/MARC21/slim">
<record>
  <leader>01357nam0a22002531i 450 </leader>
  <controlfield tag="001">IT\ICCU\CNCE\044423</controlfield>
  <controlfield tag="005">19990120000000.0</controlfield>
  <datafield tag="100" ind1=" " ind2=" ">
    <subfield code="a">19990114d1570        0itac0103    ba</subfield>
  </datafield>
  <datafield tag="101" ind1=" " ind2=" ">
    <subfield code="a">ITA</subfield>
    <subfield code="a">LAT</subfield>
  </datafield>
  <datafield tag="102" ind1=" " ind2=" ">
    <subfield code="a">IT</subfield>
  </datafield>
  <datafield tag="200" ind1="1" ind2=" ">
    <subfield code="a">Prima \-seconda! parte del Monte Caluario, composto dall&apos;illustre sig. D. Antonio di Gueuara ... Tradotto da M. Alfonso Vlloa, \</subfield>
  </datafield>
  <datafield tag="210" ind1=" " ind2=" ">
    <subfield code="a">In Venetia</subfield>
    <subfield code="d">\Bolognino Zaltieri!</subfield>
    <subfield code="d">1570</subfield>
  </datafield>
  <datafield tag="215" ind1=" " ind2=" ">
    <subfield code="a">2 v.</subfield>
    <subfield code="d"></subfield>
  </datafield>
  <datafield tag="300" ind1=" " ind2=" ">
    <subfield code="a">((Marca (Z1185) sui front. e dei Guerra n.c. (simile a V373) nei fregi. - Cors.; rom. - Iniziali e fregi xil. ornati</subfield>
  </datafield>
  <datafield tag="620" ind1=" " ind2=" ">
    <subfield code="a">IT</subfield>
    <subfield code="d">Venezia</subfield>
  </datafield>
  <datafield tag="700" ind1=" " ind2="1">
    <subfield code="a">Guevara,</subfield>
    <subfield code="b">Antonio : de</subfield>
    <subfield code="3">IT\ICCU\CNCA\006353</subfield>
  </datafield>
  <datafield tag="702" ind1=" " ind2="1">
    <subfield code="a">Torre,</subfield>
    <subfield code="b">Felipe : de la</subfield>
    <subfield code="3">IT\ICCU\CNCA\016055</subfield>
  </datafield>
  <datafield tag="712" ind1="0" ind2="0">
    <subfield code="a">Zaltieri, Bolognino</subfield>
    <subfield code="3">IT\ICCU\CNCT\000367</subfield>
    <subfield code="4">650</subfield>
  </datafield>
  <datafield tag="790" ind1=" " ind2="1">
    <subfield code="a">Della_Torre,</subfield>
    <subfield code="b">Filippo</subfield>
    <subfield code="3">IT\ICCU\CNCA\016056</subfield>
    <subfield code="z">Torre, Felipe : de la</subfield>
  </datafield>
  <datafield tag="791" ind1="0" ind2="0">
    <subfield code="a">Zalterius, Bologninus</subfield>
    <subfield code="3">IT\ICCU\CNCT\004176</subfield>
    <subfield code="z">Zaltieri, Bolognino</subfield>
  </datafield>
  <datafield tag="791" ind1="0" ind2="0">
    <subfield code="a">Zalterio, Bolognin</subfield>
    <subfield code="3">IT\ICCU\CNCT\005774</subfield>
    <subfield code="z">Zaltieri, Bolognino</subfield>
  </datafield>
  <datafield tag="791" ind1="0" ind2="0">
    <subfield code="a">Zaltiero, Bolognino</subfield>
    <subfield code="3">IT\ICCU\CNCT\005775</subfield>
    <subfield code="z">Zaltieri, Bolognino</subfield>
  </datafield>
  <datafield tag="801" ind1=" " ind2="3">
    <subfield code="a">IT</subfield>
    <subfield code="b">ICCU</subfield>
    <subfield code="c">20201114</subfield>
  </datafield>
  <datafield tag="899" ind1=" " ind2=" ">
    <subfield code="a">Biblioteca universitaria Alessandrina. Roma</subfield>
    <subfield code="1">RM0280</subfield>
    <subfield code="2">RML 01</subfield>
  </datafield>
</record>
</collection>
